<collection xmlns="http://www.loc.gov/MARC21/slim">
<record>
  <leader>01189nam0a22002531i 450 </leader>
  <controlfield tag="001">IT\ICCU\CNCE\038546</controlfield>
  <controlfield tag="005">20060216000000.0</controlfield>
  <datafield tag="100" ind1=" " ind2=" ">
    <subfield code="a">19981030d1579        0itac0103    ba</subfield>
  </datafield>
  <datafield tag="101" ind1=" " ind2=" ">
    <subfield code="a">ITA</subfield>
  </datafield>
  <datafield tag="102" ind1=" " ind2=" ">
    <subfield code="a">IT</subfield>
  </datafield>
  <datafield tag="200" ind1="1" ind2=" ">
    <subfield code="a">Sermone divino del Beato Giustiniano L. patriarca di Venezia, dell&apos;ascensione del Redentore del mondo al cielo</subfield>
  </datafield>
  <datafield tag="210" ind1=" " ind2=" ">
    <subfield code="a">Venezia</subfield>
    <subfield code="c">Zanetti</subfield>
    <subfield code="d">1579</subfield>
  </datafield>
  <datafield tag="215" ind1=" " ind2=" ">
    <subfield code="a">1 v.</subfield>
    <subfield code="d">8ʻ</subfield>
  </datafield>
  <datafield tag="300" ind1=" " ind2=" ">
    <subfield code="a">ANNULLATA!! ACCORPATA A ID: 38566, PERCHE&apos; TRATTASI DELLA MEDESIMA EDIZIONE!!</subfield>
  </datafield>
  <datafield tag="620" ind1=" " ind2=" ">
    <subfield code="a">IT</subfield>
    <subfield code="d">Venezia</subfield>
  </datafield>
  <datafield tag="700" ind1=" " ind2="0">
    <subfield code="a">Lorenzo</subfield>
    <subfield code="c"> : Giustiniani</subfield>
    <subfield code="c"> &lt;santo&gt;</subfield>
    <subfield code="3">IT\ICCU\CNCA\006623</subfield>
  </datafield>
  <datafield tag="712" ind1="0" ind2="0">
    <subfield code="a">Zanetti, Cristoforo</subfield>
    <subfield code="3">IT\ICCU\CNCT\000245</subfield>
    <subfield code="4">650</subfield>
  </datafield>
  <datafield tag="790" ind1=" " ind2="1">
    <subfield code="a">Giustiniani,</subfield>
    <subfield code="b">Lorenzo</subfield>
    <subfield code="c"> &lt;santo&gt;</subfield>
    <subfield code="3">IT\ICCU\CNCA\009351</subfield>
    <subfield code="z">Lorenzo : Giustiniani &lt;santo&gt;</subfield>
  </datafield>
  <datafield tag="790" ind1=" " ind2="1">
    <subfield code="a">Iustinianus,</subfield>
    <subfield code="b">Laurentius</subfield>
    <subfield code="c"> &lt;santo&gt;</subfield>
    <subfield code="3">IT\ICCU\CNCA\014545</subfield>
    <subfield code="z">Lorenzo : Giustiniani &lt;santo&gt;</subfield>
  </datafield>
  <datafield tag="791" ind1="0" ind2="0">
    <subfield code="a">Zannetti, Cristoforo</subfield>
    <subfield code="3">IT\ICCU\CNCT\003870</subfield>
    <subfield code="z">Zanetti, Cristoforo</subfield>
  </datafield>
  <datafield tag="791" ind1="0" ind2="0">
    <subfield code="a">Zanetos, Cristophoros</subfield>
    <subfield code="3">IT\ICCU\CNCT\005789</subfield>
    <subfield code="z">Zanetti, Cristoforo</subfield>
  </datafield>
  <datafield tag="791" ind1="0" ind2="0">
    <subfield code="a">Zanettus, Christophorus</subfield>
    <subfield code="3">IT\ICCU\CNCT\005790</subfield>
    <subfield code="z">Zanetti, Cristoforo</subfield>
  </datafield>
  <datafield tag="791" ind1="0" ind2="0">
    <subfield code="a">Zanettis, Christophorus de</subfield>
    <subfield code="3">IT\ICCU\CNCT\005791</subfield>
    <subfield code="z">Zanetti, Cristoforo</subfield>
  </datafield>
  <datafield tag="801" ind1=" " ind2="3">
    <subfield code="a">IT</subfield>
    <subfield code="b">ICCU</subfield>
    <subfield code="c">20201114</subfield>
  </datafield>
</record>
</collection>
